@Comment А вот так оформляется библиография при помощи BibTeX.

@Book{STMicroelectronics_description, 
	title = {STMicroelectronics: перспективы},
	url={https://www.compel.ru/lib/123541},
	urldate = {29.07.2022},
	language = "russian",
	media = {eresource}			
}

@Book{git0, 
	title = {GitHub},
	url={https://github.com},
	urldate = {29.07.2022},
	language = "russian",
	media = {eresource}
}

@Book{git1, 
	title = {Tiny3D-engine-STM32},
	url={https://github.com/Nand-e/Tiny3D-engine-STM32},
	urldate = {29.07.2022},
	language = "russian",
	media = {eresource}	
}

@Book{git2, 
	title = {ST7735-3d-filled-vector},
	url={https://github.com/cbm80amiga/ST7735_3d_filled_vector},
	urldate = {29.07.2022},
	language = "russian",
	media = {eresource}	
}

@Book{git3, 
	title = {STM32-3D-TEST},
	url={https://github.com/LedKast/STM32_3D_TEST},
	urldate = {29.07.2022},
	language = "russian",
	media = {eresource}	
}

@Book{git4, 
	title = {cOpenGL},
	url={https://github.com/dizcza/cOpenGL},
	urldate = {29.07.2022},
	language = "russian",
	media = {eresource}		
}

@Book{opengl, 
	title = {OpenGL: Related toolkits and APIs},
	url={https://www.khronos.org/opengl/wiki/Related_toolkits_and_APIs},
	urldate = {29.07.2022},
	language = "russian",
	media = {eresource}			
}

@Book{direct3d, 
	title = {Direct3D 11 Graphics},
	url={https://docs.microsoft.com/en-us/windows/win32/direct3d11/atoc-dx-graphics-direct3d-11},
	urldate = {29.07.2022},
	language = "russian",
	media = {eresource}			
}

@Book{vulkan, 
	title = {Vulkan},
	url={https://www.vulkan.org},
	urldate = {29.07.2022},
	language = "russian",
	media = {eresource}			
}

@book{Rogers,
	title={Алгоритмические основы машинной графики},
	author={Роджерс, Д.Ф.},
	isbn={9785030004761},
	url={https://books.google.ru/books?id=iptuAAAACAAJ},
	year={1989},
	publisher={Мир},
	language = "russian"
}

@Book{ARM_dev_doc, 
	title = {ARM developer documentation},
	url={https://developer.arm.com/documentation},
	urldate = {01.08.2022},
	language = "russian",
	media = {eresource}	
}

@Book{ARM_consumers, 
	title = {ARM Introduction},
	url={https://www.electronicshub.org/arm-introduction/\#Introduction},
	urldate = {01.08.2022},
	language = "russian",
	media = {eresource}	
}

@Book{ARM_vs_x86, 
	title = {ARM vs x86 - Explained},
	url={https://www.section.io/engineering-education/arm-x86/},
	urldate = {01.08.2022},
	language = "russian",
	media = {eresource}	
}

@Book{ARM_registers, 
	title = {ARM registers},
	url={https://developer.arm.com/documentation/dui0473/m/overview-of-the-arm-architecture/arm-registers},
	urldate = {01.08.2022},
	language = "russian",
	media = {eresource}	
}

@Book{x86_registers, 
	title = {Intel 64 and IA-32 Architectures Software Developer Manuals},
	url={https://www.intel.com/content/www/us/en/developer/articles/technical/intel-sdm.html},
	urldate = {01.08.2022},
	language = "russian",
	media = {eresource}	
}

@Book{STM32_advantages, 
	title = {STM32: эпоха 32-битных микроконтроллеров наступила},
	url={https://www.compel.ru/lib/53953},
	urldate = {01.08.2022},
	language = "russian",
	media = {eresource}	
}

@Book{cpp, 
	title = {Standard C++},
	url={https://isocpp.org/},
	urldate = {12.08.2022},
	language = "russian",
	media = {eresource}	
}

@Book{fstec, 
	title = {Документы по сертификации средств защиты информации и аттестации объектов информатизации по требованиям безопасности информации},
	url={https://fstec.ru/normotvorcheskaya/sertifikatsiya},
	urldate = {23.08.2022},
	language = "russian",
	media = {eresource}	
}

@Book{vscode, 
	title = {Visual Studio Code - Code Editing. Redefined},
	url={https://code.visualstudio.com/},
	urldate = {12.08.2022},
	language = "russian",
	media = {eresource}	
}

@Book{cppcheck, 
	title = {Cppcheck - A tool for static C/C++ code analysis},
	url={https://cppcheck.sourceforge.io/},
	urldate = {12.08.2022},
	language = "russian",
	media = {eresource}	
}

@Book{valgrind, 
	title = {Valgrind Home},
	url={https://valgrind.org/},
	urldate = {12.08.2022},
	language = "russian",
	media = {eresource}	
}

@Book{obj, 
	title = {Wavefront OBJ File Format Summary},
	url={https://www.fileformat.info/format/wavefrontobj/egff.htm},
	urldate = {12.08.2022},
	language = "russian",
	media = {eresource}	
}

@Book{blender, 
	title = {Blender},
	url={https://www.blender.org/},
	urldate = {12.08.2022},
	language = "russian",
	media = {eresource}	
}

@Book{autocad, 
	title = {AutoCAD: 2D and 3D CAD software},
	url={https://www.autodesk.com/products/autocad/overview},
	urldate = {12.08.2022},
	language = "russian",
	media = {eresource}	
}

@Book{photoshop, 
	title = {Adobe Photoshop},
	url={https://www.adobe.com/ru/products/photoshop.html},
	urldate = {12.08.2022},
	language = "russian",
	media = {eresource}	
}

@Book{compass, 
	title = {КОМПАС-3D},
	url={https://kompas.ru/kompas-3d/about},
	urldate = {23.08.2022},
	language = "russian",
	media = {eresource}	
}

@Book{mtl, 
	title = {WaveFront Material (.mtl) File Format},
	url={https://www.fileformat.info/format/material/},
	urldate = {12.08.2022},
	language = "russian",
	media = {eresource}	
}

@Book{linux, 
	title = {Linux},
	url={https://www.linux.org/},
	urldate = {12.08.2022},
	language = "russian",
	media = {eresource}	
}

@Book{toolchain, 
	title = {Arm GNU Toolchain},
	url={https://developer.arm.com/Tools\%20and\%20Software/GNU\%20Toolchain},
	urldate = {12.08.2022},
	language = "russian",
	media = {eresource}	
}

@Book{make, 
	title = {GNU Make},
	url={https://www.gnu.org/software/make/},
	urldate = {12.08.2022},
	language = "russian",
	media = {eresource}	
}

@Book{STM32F767ZI, 
	title = {STM32F767ZI},
	url={https://www.st.com/en/microcontrollers-microprocessors/stm32f767zi.html},
	urldate = {17.08.2022},
	language = "russian",
	media = {eresource}	
}

@Book{cortex_m7, 
	title = {Cortex-M7},
	url={https://developer.arm.com/Processors/Cortex-M7},
	urldate = {17.08.2022},
	language = "russian",
	media = {eresource}	
}

@Book{ili9341, 
	title = {ILI9341 Driver Datasheet},
	url={https://datasheetspdf.com/datasheet/ILI9341.html},
	urldate = {17.08.2022},
	language = "russian",
	media = {eresource}	
}





@Comment Пример оформления статьи
@ARTICLE{article:cpu_gpu,
	author={Owens, John D. and Houston, Mike and Luebke, David and Green, Simon and Stone, John E. and Phillips, James C.},
	journal={Proceedings of the IEEE}, 
	title={GPU Computing}, 
	year={2008},
	volume={96},
	number={5},
	pages={879-899},
	doi={10.1109/JPROC.2008.917757},
	language = "russian",
}

@Comment Примеры оформления всякой всячины
@inproceedings {article:shaders,
	booktitle = {EG 2017 - Education Papers},
	editor = {Jean-Jacques Bourdin and Amit Shesh},
	title = {{Accessible GLSL Shader Programming}},
	author = {Toisoul, Antoine and Rueckert, Daniel and Kainz, Bernhard},
	year = {2017},
	publisher = {The Eurographics Association},
	ISSN = {1017-4656},
	DOI = {10.2312/eged.20171024},
	language = "russian",
}

@book{cpplang,
	title={Программирование. Принципы и практика использования С++},
	author={Страуструп, Б.},
	isbn={9785457707351},
	url={https://books.google.ru/books?id=kttwBgAAQBAJ},
	year={2011},
	publisher={ООО ИД Вильямс},
	language = "russian",
}


@manual{imgui,
	url={https://github.com/ocornut/imgui},
	title={Dear ImGui: Bloat-free Graphical User interface for C++ with minimal dependencies},
	urldate = {25.08.2021},
	language = "russian",
	media = {eresource}
} 